<?xml version="1.0" encoding="UTF-8"?><collection xmlns="http://www.loc.gov/MARC21/slim"><record><leader>00347nam--2200133-i-4500</leader><controlfield tag="001">000027615</controlfield><controlfield tag="002">20161230</controlfield><controlfield tag="005">20161230201036</controlfield><controlfield tag="008">060222s1000------------r-----000-0-eng-d</controlfield><datafield ind1=" " ind2=" " tag="080"><subfield code="a">530.145.6</subfield></datafield><datafield ind1=" " ind2=" " tag="100"><subfield code="a">Landau L.D. Lifsit E.M</subfield></datafield><datafield ind1=" " ind2=" " tag="245"><subfield code="a">Mecanica cuantica. teoria nerelativista</subfield></datafield><datafield ind1=" " ind2=" " tag="260"><subfield code="a">Bucuresti, Editura Tehnica, 1965, 622p</subfield></datafield><datafield ind1=" " ind2=" " tag="852"><subfield code="a">20807</subfield></datafield></record></collection>